<record><leader>00000cas a2200000 a 4500</leader><controlfield tag="001">13142176</controlfield><controlfield tag="008">860212d18721874iduwr ne      0   a0eng c</controlfield><datafield ind1=" " ind2=" " tag="010"><subfield code="a">sn 86091107 </subfield></datafield><datafield ind1=" " ind2=" " tag="040"><subfield code="a">UNP</subfield><subfield code="b">eng</subfield><subfield code="c">UNP</subfield><subfield code="d">DLC</subfield><subfield code="d">NVB</subfield><subfield code="d">CNK</subfield><subfield code="d">OCLCQ</subfield><subfield code="d">CUI</subfield><subfield code="d">OCLCQ</subfield><subfield code="d">OCLCF</subfield><subfield code="d">DLC</subfield></datafield><datafield ind1=" " ind2=" " tag="012"><subfield code="l">a</subfield></datafield><datafield ind1="0" ind2=" " tag="022"><subfield code="a">2575-2545</subfield><subfield code="2">1</subfield></datafield><datafield ind1=" " ind2=" " tag="042"><subfield code="a">pcc</subfield><subfield code="a">nsdp</subfield></datafield><datafield ind1=" " ind2=" " tag="043"><subfield code="a">n-us-id</subfield></datafield><datafield ind1="0" ind2="0" tag="050"><subfield code="a">Newspaper 7560-X</subfield></datafield><datafield ind1=" " ind2="4" tag="050"><subfield code="a">AN</subfield></datafield><datafield ind1="1" ind2="0" tag="082"><subfield code="a">070</subfield><subfield code="2">23</subfield></datafield><datafield ind1=" " ind2="0" tag="222"><subfield code="a">Idaho signal</subfield></datafield><datafield ind1="0" ind2="0" tag="245"><subfield code="a">Idaho signal.</subfield></datafield><datafield ind1=" " ind2=" " tag="260"><subfield code="a">Lewiston, North Idaho :</subfield><subfield code="b">H. Leland &amp; R.A. Rowley,</subfield><subfield code="c">1872-1874.</subfield></datafield><datafield ind1=" " ind2=" " tag="300"><subfield code="a">v.</subfield></datafield><datafield ind1=" " ind2=" " tag="310"><subfield code="a">Weekly</subfield></datafield><datafield ind1="0" ind2=" " tag="362"><subfield code="a">Vol. 1, no. 1 (Mar. 9, 1872)-v. 3, no. 27 (Sept. 5, 1874).</subfield></datafield><datafield ind1=" " ind2="0" tag="651"><subfield code="a">Lewiston (Idaho)</subfield><subfield code="v">Newspapers.</subfield></datafield><datafield ind1=" " ind2="0" tag="651"><subfield code="a">Nez Perce County (Idaho)</subfield><subfield code="v">Newspapers.</subfield></datafield><datafield ind1=" " ind2="7" tag="651"><subfield code="a">Idaho</subfield><subfield code="z">Lewiston.</subfield><subfield code="2">fast</subfield><subfield code="0">(OCoLC)fst01217687</subfield></datafield><datafield ind1=" " ind2="7" tag="651"><subfield code="a">Idaho</subfield><subfield code="z">Nez Perce County.</subfield><subfield code="2">fast</subfield><subfield code="0">(OCoLC)fst01217661</subfield></datafield><datafield ind1=" " ind2="7" tag="655"><subfield code="a">Newspapers.</subfield><subfield code="2">fast</subfield><subfield code="0">(OCoLC)fst01423814</subfield></datafield><datafield ind1=" " ind2=" " tag="752"><subfield code="a">United States</subfield><subfield code="b">Idaho</subfield><subfield code="c">Nez Perce</subfield><subfield code="d">Lewiston.</subfield></datafield><datafield ind1="0" ind2="8" tag="776"><subfield code="i">Online version:</subfield><subfield code="t">Idaho signal</subfield><subfield code="w">(OCoLC)192107317</subfield></datafield><datafield ind1="0" ind2="0" tag="780"><subfield code="t">Lewiston journal</subfield><subfield code="w">(DLC)sn 82007024</subfield><subfield code="w">(OCoLC)8797697</subfield></datafield><datafield ind1="0" ind2="0" tag="785"><subfield code="t">Northerner (Lewiston, Idaho)</subfield><subfield code="w">(DLC)sn 86091108</subfield><subfield code="w">(OCoLC)13142638</subfield></datafield><datafield ind1="4" ind2="1" tag="856"><subfield code="u">http://gale.cengage.com/usnewspapers/</subfield><subfield code="z">Available to subscribing institutions</subfield></datafield><datafield ind1="4" ind2="1" tag="856"><subfield code="u">http://proxy.library.cpp.edu/login?url=http://infotrac.galegroup.com/itw/infomark/1/1/1/purl=rc18_NCNP_0__Idaho%20Signal%20(Lewiston,%20ID%20[Terr.])?sw_aep=los53368</subfield><subfield code="z">View this publication's electronic version</subfield></datafield><datafield ind1="1" ind2=" " tag="029"><subfield code="a">AU@</subfield><subfield code="b">000025795485</subfield></datafield></record>